@Book{Harris,
 author    = "John M.~Harris and Jeffry L.~Hirst and Michael J.~Mossinghoff",
 title     = "Combinatorics and Graph Theory",
 publisher = "Springer",
 year      =  "2008",
 edition   = "2th "
}


@unpublished {HalaszSummary,
	author = "Halasz, V. ",
	title ="Symmary",
	note = "Universit√§t Heidelberg Arbeitsgruppe Discrete and Combinatorial Optimization",
	year = 2013
}

@article{Bertossi,
      author = "Alan A. Bertossi and Cristina M. Pinotti and Richard B. Tan",
      title = "Channel Assignment with Separation for Interference Avoidance in Wireless Networks",
      journal = "IEEE Transactions on Parallel and Distributed Systems",
      volume = "14",
      number = "3",
      year = "2003",
      pages = "222-235",
      publisher = "IEEE Computer Society"
}
